@book{raywenderlich2020flutter,
  title     = {Flutter Apprentice (First Edition): Learn to Build Cross-Platform Apps},
  author    = {raywenderlich Tutorial Team and Katz, M. and Moore, K. and Ngo, V.},
  isbn      = {9781950325115},
  url       = {https://books.google.be/books?id=3Sx2zgEACAAJ},
  year      = {2020},
  publisher = {Amazon Digital Services LLC - KDP Print US}
}
